<?xml version="1.0" encoding="UTF-8"?><collection xmlns="http://www.loc.gov/MARC21/slim"><record><leader>00330nam--2200121-i-4500</leader><controlfield tag="001">000047665</controlfield><controlfield tag="002">20161230</controlfield><controlfield tag="005">20161230201046</controlfield><controlfield tag="008">060222s1000------------r-----000-0-eng-d</controlfield><datafield ind1=" " ind2=" " tag="100"><subfield code="a">Wilson, C. W</subfield></datafield><datafield ind1=" " ind2=" " tag="245"><subfield code="a">Radium therapy. its physical aspects. 2-nd impression</subfield></datafield><datafield ind1=" " ind2=" " tag="260"><subfield code="a">London, Chapman And Hall Ltd., 1948, Xi+224p</subfield></datafield><datafield ind1=" " ind2=" " tag="852"><subfield code="a">1067</subfield></datafield></record></collection>